<?xml version="1.0"?>
<Document xmlns="urn:iso:std:iso:20022:tech:xsd:pain.008.001.02">
  <CstmrDrctDbtInitn>
    <GrpHdr>
      <MsgId>MSG-1768504128466</MsgId>
      <CreDtTm>2026-01-15T19:08:48.468Z</CreDtTm>
      <NbOfTx>1</NbOfTx>
      <CtrlSum>49.99</CtrlSum>
      <InitgPty>
        <Nm>GAMERS ERP</Nm>
      </InitgPty>
    </GrpHdr>
    <PmtInf>
      <PmtInfId>TEST-LOCAL-001</PmtInfId>
      <PmtMtd>DD</PmtMtd>
      <ReqdColltnDt>2026-01-15</ReqdColltnDt>
      <DrctDbtTxInf>
        <PmtId>
          <EndToEndId/>
        </PmtId>
        <InstdAmt Ccy="EUR">49.99</InstdAmt>
        <Dbtr>
          <Nm>Client-user-123</Nm>
        </Dbtr>
      </DrctDbtTxInf>
    </PmtInf>
  </CstmrDrctDbtInitn>
</Document>